@article{xu1995electromagnetic,
  title={Electromagnetic scattering by an aggregate of spheres},
  author={Xu, Yu-lin},
  journal={Applied optics},
  volume={34},
  number={21},
  pages={4573--4588},
  year={1995},
  publisher={Optical Society of America}
}

@ARTICLE{SCUFF1,
   author = {{Homer Reid}, M.~T. and {Johnson}, S.~G.},
    title = "{Efficient Computation of Power, Force, and Torque in 
              BEM Scattering Calculations}",
  journal = {ArXiv e-prints},
archivePrefix = "arXiv",
   eprint = {1307.2966},
 primaryClass = "physics.comp-ph",
 keywords = {Physics - Computational Physics, Physics - Classical Physics},
     year = 2013,
    month = jul,
}

@article{spence_photonic_2005,
	title = {Photonic band structure calculations using nonlinear eigenvalue techniques},
	volume = {204},
	url = {http://www.sciencedirect.com/science/article/pii/S0021999104004073},
	number = {1},
	urldate = {2015-03-20},
	journal = {Journal of Computational Physics},
	author = {Spence, Alastair and Poulton, Chris},
	year = {2005},
	pages = {65--81},
	file = {spence_jcp_accepted.pdf:/home/eunnie12/.mozilla/firefox/zhj1cy7m.default/zotero/storage/ZCEGJCUC/spence_jcp_accepted.pdf:application/pdf}
}
@article{keldysh1951characteristic,
  title={On the characteristic values and characteristic functions of certain classes of non-selfadjoint equations, Dokl},
  author={Keldysh, MV},
  journal={AN SSSR},
  volume={77},
  pages={11--14},
  year={1951}
}

@article{beyn_integral_2012,
	title = {An integral method for solving nonlinear eigenvalue problems},
	volume = {436},
	issn = {00243795},
	url = {http://linkinghub.elsevier.com/retrieve/pii/S0024379511002540},
	doi = {10.1016/j.laa.2011.03.030},
	language = {en},
	number = {10},
	urldate = {2015-03-20},
	journal = {Linear Algebra and its Applications},
	author = {Beyn, Wolf-Jürgen},
	month = may,
	year = {2012},
	pages = {3839--3863},
	file = {1-s2.0-S0024379511002540-main.pdf:/home/eunnie12/.mozilla/firefox/zhj1cy7m.default/zotero/storage/BXNUAV4F/1-s2.0-S0024379511002540-main.pdf:application/pdf}
}

@article{wang_fast_2012,
	title = {{FAST} {MULTIPOLE} {BOUNDARY} {ELEMENT} {METHOD} {FOR} {THREE} {DIMENSIONAL} {ELECTROMAGNETIC} {SCATTERING} {PROBLEM}},
	volume = {01},
	issn = {2047-6841, 2047-685X},
	url = {http://www.worldscientific.com/doi/abs/10.1142/S2047684112500388},
	doi = {10.1142/S2047684112500388},
	language = {en},
	number = {04},
	urldate = {2015-03-20},
	journal = {International Journal of Computational Materials Science and Engineering},
	author = {Wang, S. B. and Zheng, H. H. and Xiao, J. J. and Lin, Z. F. and Chan, C. T.},
	month = dec,
	year = {2012},
	pages = {1250038},
	file = {S2047684112500388.pdf:/home/eunnie12/.mozilla/firefox/zhj1cy7m.default/zotero/storage/NABQX73V/S2047684112500388.pdf:application/pdf}
}

@article{darve_fast_2000,
	title = {The {Fast} {Multipole} {Method}: {Numerical} {Implementation}},
	volume = {160},
	issn = {00219991},
	shorttitle = {The {Fast} {Multipole} {Method}},
	url = {http://linkinghub.elsevier.com/retrieve/pii/S0021999100964519},
	doi = {10.1006/jcph.2000.6451},
	language = {en},
	number = {1},
	urldate = {2015-03-20},
	journal = {Journal of Computational Physics},
	author = {Darve, Eric},
	month = may,
	year = {2000},
	pages = {195--240},
	file = {1-s2.0-S0021999100964519-main.pdf:/home/eunnie12/.mozilla/firefox/zhj1cy7m.default/zotero/storage/RZAAX6FM/1-s2.0-S0021999100964519-main.pdf:application/pdf}
}

@article{sleijpen_jacobidavidson_2000,
	title = {A {Jacobi}–{Davidson} iteration method for linear eigenvalue problems},
	volume = {42},
	url = {http://epubs.siam.org/doi/abs/10.1137/S0036144599363084},
	number = {2},
	urldate = {2015-03-20},
	journal = {SIAM Review},
	author = {Sleijpen, Gerard LG and Van der Vorst, Henk A.},
	year = {2000},
	pages = {267--293},
	file = {sleijpen00jacobidavidson.pdf:/home/eunnie12/.mozilla/firefox/zhj1cy7m.default/zotero/storage/EGI7XS3D/sleijpen00jacobidavidson.pdf:application/pdf}
}

@article{johnson_adiabatic_2002,
	title = {Adiabatic theorem and continuous coupled-mode theory for efficient taper transitions in photonic crystals},
	volume = {66},
	issn = {1063-651X, 1095-3787},
	url = {http://link.aps.org/doi/10.1103/PhysRevE.66.066608},
	doi = {10.1103/PhysRevE.66.066608},
	language = {en},
	number = {6},
	urldate = {2015-03-20},
	journal = {Physical Review E},
	author = {Johnson, Steven and Bienstman, Peter and Skorobogatiy, M. and Ibanescu, Mihai and Lidorikis, Elefterios and Joannopoulos, J.},
	month = dec,
	year = {2002},
	file = {JohnsonBi02.pdf:/home/eunnie12/.mozilla/firefox/zhj1cy7m.default/zotero/storage/QHNNFDQG/JohnsonBi02.pdf:application/pdf}
}

@article{engheta_fast_1992,
	title = {The fast multipole method ({FMM}) for electromagnetic scattering problems},
	volume = {40},
	url = {http://ieeexplore.ieee.org/xpls/abs_all.jsp?arnumber=144597},
	number = {6},
	urldate = {2015-03-20},
	journal = {Antennas and Propagation, IEEE Transactions on},
	author = {Engheta, Nader and Murphy, William D. and Rokhlin, Vladimir and Vassiliou, Marius S.},
	year = {1992},
	pages = {634--641},
	file = {00144597.pdf:/home/eunnie12/.mozilla/firefox/zhj1cy7m.default/zotero/storage/VICEECZU/00144597.pdf:application/pdf}
}

@article{zarzar_dynamically_2015,
	title = {Dynamically reconfigurable complex emulsions via tunable interfacial tensions},
	volume = {518},
	issn = {0028-0836, 1476-4687},
	url = {http://www.nature.com/doifinder/10.1038/nature14168},
	doi = {10.1038/nature14168},
	number = {7540},
	urldate = {2015-03-17},
	journal = {Nature},
	author = {Zarzar, Lauren D. and Sresht, Vishnu and Sletten, Ellen M. and Kalow, Julia A. and Blankschtein, Daniel and Swager, Timothy M.},
	month = feb,
	year = {2015},
	pages = {520--524}
}

@article{april_besselgauss_2011,
	title = {Bessel–{Gauss} beams as rigorous solutions of the {Helmholtz} equation},
	volume = {28},
	url = {http://www.opticsinfobase.org/abstract.cfm?uri=josaa-28-10-2100},
	number = {10},
	urldate = {2015-03-17},
	journal = {JOSA A},
	author = {April, Alexandre},
	year = {2011},
	pages = {2100--2107}
}

@article{johnson_block-iterative_2001,
	title = {Block-iterative frequency-domain methods for {Maxwell}'s equations in a planewave basis},
	volume = {8},
	url = {http://www.opticsinfobase.org/oe/fulltext.cfm?uri=oe-8-3-173&id=63584},
	number = {3},
	urldate = {2015-03-16},
	journal = {Optics Express},
	author = {Johnson, Steven and Joannopoulos, John},
	year = {2001},
	pages = {173--190}
}

@article{wong_improved_2014,
	title = {Improved beam waist formula for ultrashort, tightly focused linearly, radially, and azimuthally polarized laser pulses in free space},
	volume = {39},
	issn = {0146-9592, 1539-4794},
	url = {http://www.opticsinfobase.org/abstract.cfm?URI=ol-39-5-1258},
	doi = {10.1364/OL.39.001258},
	language = {en},
	number = {5},
	urldate = {2015-03-16},
	journal = {Optics Letters},
	author = {Wong, Liang Jie and Kärtner, Franz X. and Johnson, Steven G.},
	month = mar,
	year = {2014},
	pages = {1258}
}

@article{roy_radially_2015,
	title = {Radially {Polarized} {Light} for {Detection} and {Nanolocalization} of {Dielectric} {Particles} on a {Planar} {Substrate}},
	volume = {114},
	issn = {0031-9007, 1079-7114},
	url = {http://link.aps.org/doi/10.1103/PhysRevLett.114.103903},
	doi = {10.1103/PhysRevLett.114.103903},
	language = {en},
	number = {10},
	urldate = {2015-03-14},
	journal = {Physical Review Letters},
	author = {Roy, S. and Ushakova, K. and van den Berg, Q. and Pereira, S. F. and Urbach, H. P.},
	month = mar,
	year = {2015}
}