@article{sakurai2003projection,
  title={A projection method for generalized eigenvalue problems using numerical integration},
  author={Sakurai, Tetsuya and Sugiura, Hiroshi},
  journal={J. Comput. Appl. Math.},
  volume={159},
  pages={119--128},
  year={2003}
}

@phdthesis{effenberger_robust_2013,
	title = {Robust solution methods for nonlinear eigenvalue problems},
	urldate = {2015-05-17},
	school = {École polytechnique fédérale de Lausanne},
	author = {Effenberger, Cedric},
	year = {2013},
	file = {effenberger.pdf:/home/eunnie12/.mozilla/firefox/zhj1cy7m.default/zotero/storage/W7XT6G5F/effenberger.pdf:application/pdf}
}
@article{neumaier1985residual,
  title={Residual inverse iteration for the nonlinear eigenvalue problem},
  author={Neumaier, A},
  journal={SIAM journal on numerical analysis},
  volume={22},
  number={5},
  pages={914--923},
  year={1985},
  publisher={SIAM}
}

@article{voss2004arnoldi,
  title={An Arnoldi method for nonlinear eigenvalue problems},
  author={Voss, Heinrich},
  journal={BIT numerical mathematics},
  volume={44},
  number={2},
  pages={387--401},
  year={2004},
  publisher={Springer}
}

@article{anselone_solution_1968,
	title = {The solution of characteristic value-vector problems by {Newton}'s method},
	volume = {11},
	urldate = {2015-05-17},
	journal = {Numerische Mathematik},
	author = {Anselone, P. M. and Rall, L. B.},
	year = {1968},
	pages = {38--45},
	file = {art%3A10.1007%2FBF02165469.pdf:/home/eunnie12/.mozilla/firefox/zhj1cy7m.default/zotero/storage/JMK95JSA/art%3A10.1007%2FBF02165469.pdf:application/pdf}
}
@article{mehrmann2004nonlinear,
  title={Nonlinear eigenvalue problems: A challenge for modern eigenvalue methods},
  author={Mehrmann, Volker and Voss, Heinrich},
  journal={GAMM-Mitteilungen},
  volume={27},
  number={2},
  pages={121--152},
  year={2004},
  publisher={Wiley Online Library}
}


@article{voss2007jacobi,
  title={A Jacobi--Davidson method for nonlinear and nonsymmetric eigenproblems},
  author={Voss, H},
  journal={Computers \& Structures},
  volume={85},
  number={17},
  pages={1284--1292},
  year={2007},
  publisher={Elsevier}
}

@article{asakura_numerical_2009,
	title = {A numerical method for nonlinear eigenvalue problems using contour integrals},
	volume = {1},
	number = {0},
	urldate = {2015-05-14},
	journal = {JSIAM Letters},
	author = {Asakura, Junko and Sakurai, Tetsuya and Tadano, Hiroto and Ikegami, Tsutomu and Kimura, Kinji},
	year = {2009},
	pages = {52--55},
	file = {_pdf.pdf:/home/eunnie12/.mozilla/firefox/zhj1cy7m.default/zotero/storage/K8Q8C4Z6/_pdf.pdf:application/pdf}
}
@article{gao_bem-based_2015,
	title = {{BEM}-based analysis of elastic banded material by using a contour integral method},
	volume = {53},
	issn = {09557997},
	doi = {10.1016/j.enganabound.2015.01.002},
	language = {en},
	urldate = {2015-05-03},
	journal = {Engineering Analysis with Boundary Elements},
	author = {Gao, Haifeng and Xiang, Jiawei and Zheng, Changjun and Jiang, Yongying and Matsumoto, Toshiro},
	month = apr,
	year = {2015},
	pages = {56--64},
}

@article{kressner2009block,
  title={A block Newton method for nonlinear eigenvalue problems},
  author={Kressner, Daniel},
  journal={Numerische Mathematik},
  volume={114},
  number={2},
  pages={355--372},
  year={2009},
  publisher={Springer}
}

@article{guillaume_nonlinear_1999,
	title = {Nonlinear eigenproblems},
	volume = {20},
	number = {3},
	urldate = {2015-05-18},
	journal = {SIAM journal on matrix analysis and applications},
	author = {Guillaume, Philippe},
	year = {1999},
	pages = {575--595},
	file = {S0895479897324172.pdf:/home/eunnie12/.mozilla/firefox/zhj1cy7m.default/zotero/storage/UVHQUDH6/S0895479897324172.pdf:application/pdf}
}
@article{betcke2013nlevp,
  title={NLEVP: A collection of nonlinear eigenvalue problems},
  author={Betcke, Timo and Higham, Nicholas J and Mehrmann, Volker and Schr{\"o}der, Christian and Tisseur, Fran{\c{c}}oise},
  journal={ACM Transactions on Mathematical Software (TOMS)},
  volume={39},
  number={2},
  pages={7},
  year={2013},
  publisher={ACM}
}

@article{van_barel_nonlinear_2014,
	title = {Nonlinear eigenvalue problems and contour integrals},
	urldate = {2015-05-03},
	journal = {TW Reports},
	author = {Van Barel, Marc and Kravanja, Peter},
	year = {2014},
}

@article{beyn_finding_2014,
	title = {Finding {Eigenvalues} of {Holomorphic} {Fredholm} {Operator} {Pencils} {Using} {Boundary} {Value} {Problems} and {Contour} {Integrals}},
	volume = {78},
	issn = {0378-620X, 1420-8989},
	doi = {10.1007/s00020-013-2117-6},
	language = {en},
	number = {2},
	urldate = {2015-05-03},
	journal = {Integral Equations and Operator Theory},
	author = {Beyn, Wolf-Jürgen and Latushkin, Yuri and Rottmann-Matthes, Jens},
	month = feb,
	year = {2014},
	pages = {155--211},
}

@phdthesis{kramer_integration_2014,
	title = {Integration based solvers for standard and generalized {Hermitian} eigenvalue problems},
	urldate = {2015-05-03},
	school = {Universität Wuppertal},
	author = {Krämer, Lukas},
	year = {2014},
}

@article{sakurai_efficient_2013,
	title = {Efficient parameter estimation and implementation of a contour integral-based eigensolver},
	volume = {7},
	number = {3},
	urldate = {2015-05-03},
	journal = {Journal of Algorithms \& Computational Technology},
	author = {Sakurai, Tetsuya and Futamura, Yasunori and Tadano, Hiroto},
	year = {2013},
	pages = {249--270},
}

@article{steinbach_convergence_2012,
	title = {Convergence {Analysis} of a {Galerkin} {Boundary} {Element} {Method} for the {Dirichlet} {Laplacian} {Eigenvalue} {Problem}},
	volume = {50},
	issn = {0036-1429, 1095-7170},
	doi = {10.1137/100801986},
	language = {en},
	number = {2},
	urldate = {2015-05-03},
	journal = {SIAM Journal on Numerical Analysis},
	author = {Steinbach, O. and Unger, G.},
	month = jan,
	year = {2012},
	pages = {710--728},
}

@article{yokota_projection_2013,
	title = {A projection method for nonlinear eigenvalue problems using contour integrals},
	volume = {5},
		number = {0},
	urldate = {2015-05-03},
	journal = {JSIAM Letters},
	author = {Yokota, Shinnosuke and Sakurai, Tetsuya},
	year = {2013},
	pages = {41--44},
}

@article{leblanc_solving_2013,
	title = {Solving acoustic nonlinear eigenvalue problems with a contour integral method},
	volume = {37},
	issn = {09557997},
		doi = {10.1016/j.enganabound.2012.09.007},
	language = {en},
	number = {1},
	urldate = {2015-05-03},
	journal = {Engineering Analysis with Boundary Elements},
	author = {Leblanc, Alexandre and Lavie, Antoine},
	month = jan,
	year = {2013},
	pages = {162--166},
}

@article{beyn_integral_2012,
	title = {An integral method for solving nonlinear eigenvalue problems},
	volume = {436},
	issn = {00243795},
		doi = {10.1016/j.laa.2011.03.030},
	language = {en},
	number = {10},
	urldate = {2015-03-20},
	journal = {Linear Algebra and its Applications},
	author = {Beyn, Wolf-Jürgen},
	month = may,
	year = {2012},
	pages = {3839--3863},
}


@article{xu1995electromagnetic,
  title={Electromagnetic scattering by an aggregate of spheres},
  author={Xu, Yu-lin},
  journal={Applied optics},
  volume={34},
  number={21},
  pages={4573--4588},
  year={1995},
  publisher={Optical Society of America}
}

@ARTICLE{SCUFF1,
   author = {{Homer Reid}, M.~T. and {Johnson}, S.~G.},
    title = "{Efficient Computation of Power, Force, and Torque in 
              BEM Scattering Calculations}",
  journal = {ArXiv e-prints},
archivePrefix = "arXiv",
   eprint = {1307.2966},
 primaryClass = "physics.comp-ph",
 keywords = {Physics - Computational Physics, Physics - Classical Physics},
     year = 2013,
    month = jul,
}

@article{spence_photonic_2005,
	title = {Photonic band structure calculations using nonlinear eigenvalue techniques},
	volume = {204},
		number = {1},
	urldate = {2015-03-20},
	journal = {Journal of Computational Physics},
	author = {Spence, Alastair and Poulton, Chris},
	year = {2005},
	pages = {65--81},
	file = {spence_jcp_accepted.pdf:/home/eunnie12/.mozilla/firefox/zhj1cy7m.default/zotero/storage/ZCEGJCUC/spence_jcp_accepted.pdf:application/pdf}
}
@article{keldysh1951characteristic,
  title={On the characteristic values and characteristic functions of certain classes of non-selfadjoint equations},
  author={Keldysh, MV},
  journal={AN SSSR},
  volume={77},
  pages={11--14},
  year={1951}
}

@article{wang_fast_2012,
	title = {{FAST} {MULTIPOLE} {BOUNDARY} {ELEMENT} {METHOD} {FOR} {THREE} {DIMENSIONAL} {ELECTROMAGNETIC} {SCATTERING} {PROBLEM}},
	volume = {01},
	issn = {2047-6841, 2047-685X},
		doi = {10.1142/S2047684112500388},
	language = {en},
	number = {04},
	urldate = {2015-03-20},
	journal = {International Journal of Computational Materials Science and Engineering},
	author = {Wang, S. B. and Zheng, H. H. and Xiao, J. J. and Lin, Z. F. and Chan, C. T.},
	month = dec,
	year = {2012},
	pages = {1250038},
	file = {S2047684112500388.pdf:/home/eunnie12/.mozilla/firefox/zhj1cy7m.default/zotero/storage/NABQX73V/S2047684112500388.pdf:application/pdf}
}

@article{darve_fast_2000,
	title = {The {Fast} {Multipole} {Method}: {Numerical} {Implementation}},
	volume = {160},
	issn = {00219991},
	shorttitle = {The {Fast} {Multipole} {Method}},
		doi = {10.1006/jcph.2000.6451},
	language = {en},
	number = {1},
	urldate = {2015-03-20},
	journal = {Journal of Computational Physics},
	author = {Darve, Eric},
	month = may,
	year = {2000},
	pages = {195--240},
	file = {1-s2.0-S0021999100964519-main.pdf:/home/eunnie12/.mozilla/firefox/zhj1cy7m.default/zotero/storage/RZAAX6FM/1-s2.0-S0021999100964519-main.pdf:application/pdf}
}

@article{sleijpen_jacobidavidson_2000,
	title = {A {Jacobi}–{Davidson} iteration method for linear eigenvalue problems},
	volume = {42},
		number = {2},
	urldate = {2015-03-20},
	journal = {SIAM Review},
	author = {Sleijpen, Gerard LG and Van der Vorst, Henk A.},
	year = {2000},
	pages = {267--293},
	file = {sleijpen00jacobidavidson.pdf:/home/eunnie12/.mozilla/firefox/zhj1cy7m.default/zotero/storage/EGI7XS3D/sleijpen00jacobidavidson.pdf:application/pdf}
}

@article{johnson_adiabatic_2002,
	title = {Adiabatic theorem and continuous coupled-mode theory for efficient taper transitions in photonic crystals},
	volume = {66},
	issn = {1063-651X, 1095-3787},
		doi = {10.1103/PhysRevE.66.066608},
	language = {en},
	number = {6},
	urldate = {2015-03-20},
	journal = {Physical Review E},
	author = {Johnson, Steven and Bienstman, Peter and Skorobogatiy, M. and Ibanescu, Mihai and Lidorikis, Elefterios and Joannopoulos, J.},
	month = dec,
	year = {2002},
	file = {JohnsonBi02.pdf:/home/eunnie12/.mozilla/firefox/zhj1cy7m.default/zotero/storage/QHNNFDQG/JohnsonBi02.pdf:application/pdf}
}

@article{engheta_fast_1992,
	title = {The fast multipole method ({FMM}) for electromagnetic scattering problems},
	volume = {40},
		number = {6},
	urldate = {2015-03-20},
	journal = {Antennas and Propagation, IEEE Transactions on},
	author = {Engheta, Nader and Murphy, William D. and Rokhlin, Vladimir and Vassiliou, Marius S.},
	year = {1992},
	pages = {634--641},
	file = {00144597.pdf:/home/eunnie12/.mozilla/firefox/zhj1cy7m.default/zotero/storage/VICEECZU/00144597.pdf:application/pdf}
}

@article{zarzar_dynamically_2015,
	title = {Dynamically reconfigurable complex emulsions via tunable interfacial tensions},
	volume = {518},
	issn = {0028-0836, 1476-4687},
		doi = {10.1038/nature14168},
	number = {7540},
	urldate = {2015-03-17},
	journal = {Nature},
	author = {Zarzar, Lauren D. and Sresht, Vishnu and Sletten, Ellen M. and Kalow, Julia A. and Blankschtein, Daniel and Swager, Timothy M.},
	month = feb,
	year = {2015},
	pages = {520--524}
}

@article{april_besselgauss_2011,
	title = {Bessel–{Gauss} beams as rigorous solutions of the {Helmholtz} equation},
	volume = {28},
		number = {10},
	urldate = {2015-03-17},
	journal = {JOSA A},
	author = {April, Alexandre},
	year = {2011},
	pages = {2100--2107}
}

@article{johnson_block-iterative_2001,
	title = {Block-iterative frequency-domain methods for {Maxwell}'s equations in a planewave basis},
	volume = {8},
		number = {3},
	urldate = {2015-03-16},
	journal = {Optics Express},
	author = {Johnson, Steven and Joannopoulos, John},
	year = {2001},
	pages = {173--190}
}

@article{hernandez2005slepc,
  title={SLEPc: A scalable and flexible toolkit for the solution of eigenvalue problems},
  author={Hernandez, Vicente and Roman, Jose E and Vidal, Vicente},
  journal={ACM Transactions on Mathematical Software (TOMS)},
  volume={31},
  number={3},
  pages={351--362},
  year={2005},
  publisher={ACM}
}

@article{wong_improved_2014,
	title = {Improved beam waist formula for ultrashort, tightly focused linearly, radially, and azimuthally polarized laser pulses in free space},
	volume = {39},
	issn = {0146-9592, 1539-4794},
		doi = {10.1364/OL.39.001258},
	language = {en},
	number = {5},
	urldate = {2015-03-16},
	journal = {Optics Letters},
	author = {Wong, Liang Jie and Kärtner, Franz X. and Johnson, Steven G.},
	month = mar,
	year = {2014},
	pages = {1258}
}

@article{roy_radially_2015,
	title = {Radially {Polarized} {Light} for {Detection} and {Nanolocalization} of {Dielectric} {Particles} on a {Planar} {Substrate}},
	volume = {114},
	issn = {0031-9007, 1079-7114},
		doi = {10.1103/PhysRevLett.114.103903},
	language = {en},
	number = {10},
	urldate = {2015-03-14},
	journal = {Physical Review Letters},
	author = {Roy, S. and Ushakova, K. and van den Berg, Q. and Pereira, S. F. and Urbach, H. P.},
	month = mar,
	year = {2015}
}